@article{AllenOtero2023,
  title={Standardised indices to monitor energy droughts},
  author={Allen, Sam and Otero, Noelia},
  journal={Renewable Energy},
  pages={119206},
  year={2023},
  publisher={Elsevier}
}

@article{BegueriaEtAl2014,
  title={Standardized precipitation evapotranspiration index {(SPEI)} revisited: parameter fitting, evapotranspiration models, tools, datasets and drought monitoring},
  author={Beguer{\'\i}a, Santiago and Vicente-Serrano, Sergio M and Reig, Fergus and Latorre, Borja},
  journal={International Journal of Climatology},
  volume={34},
  pages={3001--3023},
  year={2014},
  publisher={Wiley Online Library}
}

@article{BloomfieldEtAl2020,
  title={{ERA5} derived time series of European country-aggregate electricity demand, wind power generation and solar power generation: hourly data from 1979-2019},
  author={Bloomfield, Hannah and Brayshaw, David and Charlton-Perez, Andrew},
  year={2020},
  publisher={University of Reading}
}

@article{LiEtAl2021,
  title={A standardized index for assessing sub-monthly compound dry and hot conditions with application in {China}},
  author={Li, Jun and Wang, Zhaoli and Wu, Xushu and Zscheischler, Jakob and Guo, Shenglian and Chen, Xiaohong},
  journal={Hydrology and Earth System Sciences},
  volume={25},
  pages={1587--1601},
  year={2021},
  publisher={Copernicus GmbH}
}

@inproceedings{MckeeEtAl1993,
  title={The relationship of drought frequency and duration to time scales},
  author={McKee, Thomas B and Doesken, Nolan J and Kleist, John and others},
  booktitle={Proceedings of the 8th Conference on Applied Climatology},
  volume={17},
  pages={179--183},
  year={1993},
  organization={Boston, MA, USA}
}

@article{VicenteEtAl2010,
  title={A multiscalar drought index sensitive to global warming: the standardized precipitation evapotranspiration index},
  author={Vicente-Serrano, Sergio M and Beguer{\'\i}a, Santiago and L{\'o}pez-Moreno, Juan I},
  journal={Journal of Climate},
  volume={23},
  pages={1696--1718},
  year={2010}
}

@article{ZargarEtAl2011,
  title={A review of drought indices},
  author={Zargar, Amin and Sadiq, Rehan and Naser, Bahman and Khan, Faisal I},
  journal={Environmental Reviews},
  volume={19},
  pages={333--349},
  year={2011},
  publisher={NRC Research Press}
}

@article{ZscheischlerEtAl2014,
  title={Impact of large-scale climate extremes on biospheric carbon fluxes: An intercomparison based on {MsTMIP} data},
  author={Zscheischler, Jakob and Michalak, Anna M and Schwalm, Christopher and Mahecha, Miguel D and Huntzinger, Deborah N and Reichstein, Markus and Berthier, Gwena{\"e}lle and Ciais, Philippe and Cook, Robert B and El-Masri, Bassil and others},
  journal={Global Biogeochemical Cycles},
  volume={28},
  pages={585--600},
  year={2014},
  publisher={Wiley Online Library}
}

